@phdthesis{feynman-phd,
  author      = {Feynman, Richard P.},
  title       = {Principles of Least Action in Quantum Mechanics},
  institution = {Princeton University, NJ},
  date        = {1942}
}

@article{nash1950,
  doi     = {10.1073/pnas.36.1.48},
  date    = {1950},
  volume  = {36},
  number  = {1},
  pages   = {48--49},
  author  = {Nash, Jr., John. F.},
  title   = {Equilibrium points in {\(n\)}-person games},
  journal = {Proceedings of the National Academy of Sciences}
}

@book{villani2009,
  doi       = {10.1007/978-3-540-71050-9},
  date      = {2009},
  publisher = {Springer},
  location  = {Berlin {\&} Heidelberg, Germany},
  author    = {Villani, CÃ©dric},
  title     = {Optimal Transport},
  subtitle  = {Old and New},
  series    = {Grundlehren der mathematischen Wissenschaften},
  number    = {338}
}